@inproceedings{chart-dlf,
	title = {Creating disjunctive logical forms from aligned sentences for grammar-based paraphrase generation}
	booktitle = {Proceedings of the {Workshop} on {Monolingual} {Text}-{To}-{Text} {Generation}},
	publisher = {Association for Computational Linguistics},
	author = {Martin, Scott and White, Michael},
	year = {2011},
	pages = {74--83}
}

@article{chart,
	title = {Efficient {Realization} of {Coordinate} {Structures} in {Combinatory} {Categorial} {Grammar}},
	volume = {4},
	issn = {1570-7075, 1572-8706}
	language = {en},
	number = {1},
	journal = {Research on Language and Computation},
	author = {White, Michael},
	month = may,
	year = {2006},
	pages = {39--75}
}

@inproceedings{chart-dep,
	title = {Minimal dependency length in realization ranking},
	booktitle = {Proceedings of the 2012 {Joint} {Conference} on {Empirical} {Methods} in {Natural} {Language} {Processing} and {Computational} {Natural} {Language} {Learning}},
	publisher = {Association for Computational Linguistics},
	author = {White, Michael and Rajkumar, Rajakrishnan},
	year = {2012},
	pages = {244--255},
}

@inproceedings{drs-gen,
	title = {Towards {Generating} {Text} from {Discourse} {Representation} {Structures}},
	booktitle = {Proceedings of the 13th {European} {Workshop} on {Natural} {Language} {Generation} ({ENLG})},
	author = {Basile, Velerio and Bos, Johan},
	year = {2011}
}
