@inproceedings{tag-incremental,
	title = {A psycholinguistically motivated version of {TAG}}
	booktitle = {Proceedings of the 9th {International} {Workshop} on {Tree} {Adjoining} {Grammars} and {Related} {Formalisms}. {Tubingen}},
	author = {Demberg, Vera and Keller, Frank},
	year = {2008},
	pages = {25--32}
}
@article{ccg,
	title = {Combinatory categorial grammar}
	journal = {Non-Transformational Syntax: Formal and Explicit Models of Grammar. Wiley-Blackwell},
	author = {Steedman, Mark and Baldridge, Jason},
	year = {2011}
}
@article{convergence,
	title={The convergence of mildly context-sensitive grammar formalisms},
	author={Joshi, Aravind K and Shanker, K Vijay and Weir, David},
	year={1990}
}
@incollection{tag,
	title={Tree-adjoining grammars},
	author={Joshi, Aravind K and Schabes, Yves},
	booktitle={Handbook of formal languages},
	pages={69--123},
	year={1997},
	publisher={Springer}
}