@article{integrated,
	title = {An integrated theory of language production and comprehension},
	volume = {36},
	issn = {0140-525X, 1469-1825},
	language = {en},
	number = {04},
	journal = {Behavioral and Brain Sciences},
	author = {Pickering, Martin J. and Garrod, Simon},
	month = aug,
	year = {2013},
	pages = {329--347}
}
@article{prediction,
	title = {Do people use language production to make predictions during comprehension?},
	volume = {11},
	issn = {13646613},
	language = {en},
	number = {3},
	journal = {Trends in Cognitive Sciences},
	author = {Pickering, Martin J. and Garrod, Simon},
	month = mar,
	year = {2007},
	pages = {105--110}
}
@article{prediction,
	title = {Probabilistic word pre-activation during language comprehension inferred from electrical brain activity},
	volume = {8},
	issn = {1097-6256},
	doi = {10.1038/nn1504},
	number = {8},
	journal = {Nature Neuroscience},
	author = {DeLong, Katherine A and Urbach, Thomas P and Kutas, Marta},
	month = aug,
	year = {2005},
	pages = {1117--1121}
}
@article{wm-review,
	title = {Working memory: looking back and looking forward},
	volume = {4},
	issn = {1471-003X, 1471-0048},
	shorttitle = {Working memory},
	url = {http://www.nature.com/doifinder/10.1038/nrn1201},
	doi = {10.1038/nrn1201},
	number = {10},
	urldate = {2014-09-20},
	journal = {Nature Reviews Neuroscience},
	author = {Baddeley, Alan},
	month = oct,
	year = {2003},
	keywords = {597E\_reviews},
	pages = {829--839}
}
@inproceedings{priming,
	title = {Priming effects in combinatory categorial grammar},
	booktitle = {Proceedings of the 2006 conference on empirical methods in natural language processing},
	publisher = {Association for Computational Linguistics},
	author = {Reitter, David and Keller, Frank and Moore, Johanna D},
	year = {2006},
	pages = {308--316}
}
@article{prod-exp,
	title = {It is there whether you hear it or not: {Syntactic} representation of missing arguments},
	volume = {136},
	issn = {00100277},
	shorttitle = {It is there whether you hear it or not}
	language = {en},
	journal = {Cognition},
	author = {Cai, Zhenguang G. and Pickering, Martin J. and Wang, Ruiming and Branigan, Holly P.},
	year = {2015},
	pages = {255--267}
}