@inproceedings{coupling,
	title = {Coupling {CCG} and hybrid logic dependency semantics},
	booktitle = {Proceedings of the 40th {Annual} {Meeting} on {Association} for {Computational} {Linguistics}},
	publisher = {Association for Computational Linguistics},
	author = {Baldridge, Jason and Kruijff, Geert-Jan M.},
	year = {2002},
	pages = {319--326}
}

@inproceedings{mmccg,
	title = {Multi-modal combinatory categorial grammar},
	booktitle = {Proceedings of the tenth conference on {European} chapter of the {Association} for {Computational} {Linguistics}-{Volume} 1},
	publisher = {Association for Computational Linguistics},
	author = {Baldridge, Jason and Kruijff, Geert-Jan M.},
	year = {2003},
	pages = {211--218}
}
@book{drs,
	title={From discourse to logic: Introduction to modeltheoretic semantics of natural language, formal logic and discourse representation theory},
	author={Kamp, Hans and Reyle, Uwe},
	number={42},
	year={1993},
	publisher={Springer Science \& Business Media}
}


@incollection{hlds,
	year={2001},
	isbn={978-3-540-42557-1},
	booktitle={Text, Speech and Dialogue},
	volume={2166},
	series={Lecture Notes in Computer Science},
	editor={Matousek, VÃ¡clav and Mautner, Pavel and Moucek, Roman and Tauser, Karel},
	title={A Hybrid Logic Formalization of Information Structure Sensitive Discourse Interpretation},
	publisher={Springer Berlin Heidelberg},
	author={Kruijff, Geert-JanM. and Kruijff-Korbayova, Ivana},
	pages={31-38},
	language={English}
}
@inproceedings{boxer1,
	title = {Wide-coverage semantic representations from a {CCG} parser},
	booktitle = {Proceedings of the 20th international conference on {Computational} {Linguistics}},
	publisher = {Association for Computational Linguistics},
	author = {Bos, Johan and Clark, Stephen and Steedman, Mark and Curran, James R. and Hockenmaier, Julia},
	year = {2004}
	pages = {1240}
}

@inproceedings{boxer2,
	title = {Wide-coverage semantic analysis with {Boxer}},
	booktitle = {Proceedings of the 2008 {Conference} on {Semantics} in {Text} {Processing}},
	publisher = {Association for Computational Linguistics},
	author = {Bos, Johan},
	year = {2008},
	pages = {277--286}
}