@article{sums-incr,
	title = {How {Incremental} {Is} {Language} {Production}? {Evidence} from the {Production} of {Utterances} {Requiring} the {Computation} of {Arithmetic} {Sums}},
	volume = {46},
	issn = {0749596X},
	doi = {10.1006/jmla.2001.2797},
	language = {en},
	number = {1},
	journal = {Journal of Memory and Language},
	author = {Ferreira, Fernanda and Swets, Benjamin},
	month = jan,
	year = {2002},
	pages = {57--84}
}

@article{radical,
	title = {Towards radically incremental parsing of natural language},
	journal = {Recent Advances in Natural Language Processing V: Selected Papers from Ranlp 2007},
	author = {Menzel, Wolfgang},
	year = {2009},
	pages = {41}
}