@misc{jactr,
	title={jACT-R},
	author={Harrison, A},
	year={2005}
}
@inproceedings{actup,
	title = {Accountable modeling in {ACT}-{UP}, a scalable, rapid-prototyping {ACT}-{R} implementation},
	booktitle = {Proceedings of the 10th international conference on cognitive modeling, {Philadelphia}, {PA}},
	publisher = {Citeseer},
	author = {Reitter, David and Lebiere, Christian},
	year = {2010}
}
@inproceedings{srilm,
	address = {Denver},
	title = {{SRILM}-an extensible language modeling toolkit.},
	volume = {2},
	booktitle = {Proceedings of the {International} {Conference} on {Spoken} {Language} {Processing}},
	author = {Stolcke, Andreas},
	year = {2002},
	pages = {901--904}
}
@article{treebank,
	author = {Mitchell P. Marcus and Beatrice Santorini and Mary Ann Marcinkiewicz},
	title = {Building a Large Annotated Corpus of English: The Penn Treebank},
	journal = {COMPUTATIONAL LINGUISTICS},
	year = {1993},
	volume = {19},
	number = {2},
	pages = {313--330}
}
@inproceedings{rouge,
	title = {Rouge: {A} package for automatic evaluation of summaries},
	shorttitle = {Rouge},
	booktitle = {Text {Summarization} {Branches} {Out}: {Proceedings} of the {ACL}-04 {Workshop}},
	author = {Lin, Chin-Yew},
	year = {2004},
	pages = {74--81}
}