@article{convergence,
  title={The convergence of mildly context-sensitive grammar formalisms},
  author={Joshi, Aravind K and Shanker, K Vijay and Weir, David},
  year={1990}
}

@article{chang2006becoming,
	Author = {F. Chang and G. Dell and K. Bock},
	Date-Added = {2007-01-10 20:19:48 +0100},
	Date-Modified = {2007-10-12 13:19:01 +0100},
	Journal = {Psychological Review},
	Number = {2},
	Pages = {234-272},
	Title = {Becoming Syntactic},
	Volume = {113},
	Year = {2006}}


@article{pickeringgarrod2004toward,
	Author = {Martin J. Pickering and Simon Garrod},
	Date-Added = {2005-08-12 12:27:48 +0100},
	Date-Modified = {2007-10-12 13:19:01 +0100},
	Journal = {Behavioral and Brain Sciences},
	Pages = {169-225},
	Title = {Toward a mechanistic psychology of dialogue},
	Volume = {27},
	Year = {2004}}

@inproceedings{priming,
	title = {Priming effects in combinatory categorial grammar},
	url = {http://dl.acm.org/citation.cfm?id=1610119},
	pages = {308--316},
	booktitle = {Proceedings of the 2006 conference on empirical methods in natural language processing},
	publisher = {Association for Computational Linguistics},
	author = {Reitter, David and Hockenmaier, Julia and Keller, Frank},
	urldate = {2014-09-15},
	date = {2006}
}


@article{gries2005corpusbased,
	Author = {Stefan Th. Gries},
	Date-Added = {2005-08-12 10:57:27 +0100},
	Date-Modified = {2007-10-12 13:19:01 +0100},
	Journal = {Journal of Psycholinguistic Research},
	Number = {4},
	Pages = {365-399},
	Title = {Syntactic priming: A corpus-based approach},
	Volume = {34},
	Year = {2005}}


@article{szmrecsanyi2005language,
  title={Language users as creatures of habit: A corpus-based analysis of persistence in spoken English},
  author={Szmrecsanyi, Benedikt},
  journal={Corpus Linguistics and Linguistic Theory},
  volume={1},
  number={1},
  pages={113--150},
  year={2005}
}

@inproceedings{actup,
	title = {Accountable modeling in {ACT}-{UP}, a scalable, rapid-prototyping {ACT}-{R} implementation},
	booktitle = {Proceedings of the 10th international conference on cognitive modeling, {Philadelphia}, {PA}},
	publisher = {Citeseer},
	author = {Reitter, David and Lebiere, Christian},
	year = {2010}
}

@article{model-priming,
	title = {A {Computational} {Cognitive} {Model} of {Syntactic} {Priming}},
	volume = {35},
	issn = {03640213},
	language = {en},
	number = {4},
	journal = {Cognitive Science},
	author = {Reitter, David and Keller, Frank and Moore, Johanna D.},
	month = may,
	year = {2011},
	pages = {587--637}
}

@article{integrated,
	title = {An integrated theory of language production and comprehension},
	volume = {36},
	issn = {0140-525X, 1469-1825},
	language = {en},
	number = {04},
	journal = {Behavioral and Brain Sciences},
	author = {Pickering, Martin J. and Garrod, Simon},
	month = aug,
	year = {2013},
	pages = {329--347}
}

@inproceedings{tag1,
	title = {A psycholinguistically motivated version of {TAG}}
	booktitle = {Proceedings of the 9th {International} {Workshop} on {Tree} {Adjoining} {Grammars} and {Related} {Formalisms}. {Tubingen}},
	author = {Demberg, Vera and Keller, Frank},
	year = {2008},
	pages = {25--32}
}

@article{actr,
	title = {A {Spreading} {Activation} {Theory} of {Memory}},
	journal = {Journal of Verbal Learning and Verbal Behavior},
	author = {Anderson, John},
	year = {1983}
}
@misc{jactr,
	title={jACT-R},
	author={Harrison, A},
	year={2005}
}


@article{ccg,
	title = {Combinatory categorial grammar}
	journal = {Non-Transformational Syntax: Formal and Explicit Models of Grammar. Wiley-Blackwell},
	author = {Steedman, Mark and Baldridge, Jason},
	year = {2011}
}

@inproceedings{hlds,
	title = {Coupling {CCG} and hybrid logic dependency semantics}
	booktitle = {Proceedings of the 40th {Annual} {Meeting} on {Association} for {Computational} {Linguistics}},
	publisher = {Association for Computational Linguistics},
	author = {Baldridge, Jason and Kruijff, Geert-Jan M.},
	year = {2002},
	pages = {319--326}
}

@inproceedings{chart-dlf,
	title = {Creating disjunctive logical forms from aligned sentences for grammar-based paraphrase generation}
	booktitle = {Proceedings of the {Workshop} on {Monolingual} {Text}-{To}-{Text} {Generation}},
	publisher = {Association for Computational Linguistics},
	author = {Martin, Scott and White, Michael},
	year = {2011},
	pages = {74--83}
}

@article{prediction,
	title = {Do people use language production to make predictions during comprehension?},
	volume = {11},
	issn = {13646613},
	language = {en},
	number = {3},
	journal = {Trends in Cognitive Sciences},
	author = {Pickering, Martin J. and Garrod, Simon},
	month = mar,
	year = {2007},
	pages = {105--110}
}

@article{chart,
	title = {Efficient {Realization} of {Coordinate} {Structures} in {Combinatory} {Categorial} {Grammar}},
	volume = {4},
	issn = {1570-7075, 1572-8706}
	language = {en},
	number = {1},
	journal = {Research on Language and Computation},
	author = {White, Michael},
	month = may,
	year = {2006},
	pages = {39--75}
}

@article{learning,
	title = {How groups develop a specialized domain vocabulary: {A} cognitive multi-agent model},
	volume = {12},
	issn = {13890417},
	shorttitle = {How groups develop a specialized domain vocabulary}
	language = {en},
	number = {2},
	urldate = {2015-03-04},
	journal = {Cognitive Systems Research},
	author = {Reitter, David and Lebiere, Christian},
	month = jun,
	year = {2011},
	pages = {175--185}
}

@article{incremental,
	title = {How {Incremental} {Is} {Language} {Production}? {Evidence} from the {Production} of {Utterances} {Requiring} the {Computation} of {Arithmetic} {Sums}},
	volume = {46},
	shorttitle = {How {Incremental} {Is} {Language} {Production}?},
	language = {en},
	number = {1},
	journal = {Journal of Memory and Language},
	author = {Ferreira, Fernanda and Swets, Benjamin},
	month = jan,
	year = {2002},
	pages = {57--84}
}

@article{chinese-representation,
	title = {It is there whether you hear it or not: {Syntactic} representation of missing arguments},
	volume = {136},
	issn = {00100277},
	shorttitle = {It is there whether you hear it or not}
	language = {en},
	journal = {Cognition},
	author = {Cai, Zhenguang G. and Pickering, Martin J. and Wang, Ruiming and Branigan, Holly P.},
	month = mar,
	year = {2015},
	pages = {255--267},
}

@inproceedings{chart-dep,
	title = {Minimal dependency length in realization ranking},
	booktitle = {Proceedings of the 2012 {Joint} {Conference} on {Empirical} {Methods} in {Natural} {Language} {Processing} and {Computational} {Natural} {Language} {Learning}},
	publisher = {Association for Computational Linguistics},
	author = {White, Michael and Rajkumar, Rajakrishnan},
	year = {2012},
	pages = {244--255},
}

@inproceedings{sentence,
	title = {Modeling sentence processing in {ACT}-{R}},
	booktitle = {Proceedings of the {Workshop} on {Incremental} {Parsing}: {Bringing} {Engineering} and {Cognition} {Together}},
	publisher = {Association for Computational Linguistics},
	author = {Vasishth, Shravan and Lewis, Richard L.},
	year = {2004},
	pages = {82--87},
}

@inproceedings{mmccg,
	title = {Multi-modal combinatory categorial grammar},
	booktitle = {Proceedings of the tenth conference on {European} chapter of the {Association} for {Computational} {Linguistics}-{Volume} 1},
	publisher = {Association for Computational Linguistics},
	author = {Baldridge, Jason and Kruijff, Geert-Jan M.},
	year = {2003},
	pages = {211--218},
}

@article{prediction,
	title = {Probabilistic word pre-activation during language comprehension inferred from electrical brain activity},
	volume = {8},
	issn = {1097-6256},
	number = {8},
	journal = {Nature Neuroscience},
	author = {DeLong, Katherine A and Urbach, Thomas P and Kutas, Marta},
	month = aug,
	year = {2005},
	pages = {1117--1121},
}

@article{ungrammatical,
	title = {Processing polarity: {How} the ungrammatical intrudes on the grammatical},
	volume = {32},
	shorttitle = {Processing polarity},
	number = {4},
	journal = {Cognitive Science},
	author = {Vasishth, Shravan and Brussow, Sven and Lewis, Richard L. and Drenhaus, Heiner},
	year = {2008},
	pages = {685--712},
}

@inproceedings{rouge,
	title = {Rouge: {A} package for automatic evaluation of summaries},
	shorttitle = {Rouge},
	booktitle = {Text {Summarization} {Branches} {Out}: {Proceedings} of the {ACL}-04 {Workshop}},
	author = {Lin, Chin-Yew},
	year = {2004},
	pages = {74--81}
}

@inproceedings{nlg-drs,
	title = {Towards {Generating} {Text} from {Discourse} {Representation} {Structures}},
	booktitle = {Proceedings of the 13th {European} {Workshop} on {Natural} {Language} {Generation} ({ENLG})},
	author = {Basile, Velerio and Bos, Johan},
	year = {2011}
}

@inproceedings{boxer1,
	title = {Wide-coverage semantic analysis with {Boxer}},
	booktitle = {Proceedings of the 2008 {Conference} on {Semantics} in {Text} {Processing}},
	publisher = {Association for Computational Linguistics},
	author = {Bos, Johan},
	year = {2008},
	pages = {277--286},,
}

@inproceedings{boxer2,
	title = {Wide-coverage semantic representations from a {CCG} parser},
	booktitle = {Proceedings of the 20th international conference on {Computational} {Linguistics}},
	publisher = {Association for Computational Linguistics},
	author = {Bos, Johan and Clark, Stephen and Steedman, Mark and Curran, James R. and Hockenmaier, Julia},
	year = {2004},
	pages = {1240}
}
@book{drs,
  title={From discourse to logic: Introduction to modeltheoretic semantics of natural language, formal logic and discourse representation theory},
  author={Kamp, Hans and Reyle, Uwe},
  number={42},
  year={1993},
  publisher={Springer Science \& Business Media}
}
@incollection{hlds1,
year={2001},
isbn={978-3-540-42557-1},
booktitle={Text, Speech and Dialogue},
volume={2166},
series={Lecture Notes in Computer Science},
editor={Matousek, VÃ¡clav and Mautner, Pavel and Moucek, Roman and Tauser, Karel},
title={A Hybrid Logic Formalization of Information Structure Sensitive Discourse Interpretation},
publisher={Springer Berlin Heidelberg},
author={Kruijff, Geert-JanM. and Kruijff-Korbayova, Ivana},
pages={31-38},
language={English}
}

@article{radical,
	title = {Towards radically incremental parsing of natural language},
	journal = {Recent Advances in Natural Language Processing V: Selected Papers from Ranlp 2007},
	author = {Menzel, Wolfgang},
	year = {2009},
	pages = {41}
}

@inproceedings{srilm,
	address = {Denver},
	title = {{SRILM}-an extensible language modeling toolkit.},
	volume = {2},
	booktitle = {Proceedings of the {International} {Conference} on {Spoken} {Language} {Processing}},
	author = {Stolcke, Andreas},
	year = {2002},
	pages = {901--904},
}
@article{treebank,
    author = {Mitchell P. Marcus and Beatrice Santorini and Mary Ann Marcinkiewicz},
    title = {Building a Large Annotated Corpus of English: The Penn Treebank},
    journal = {COMPUTATIONAL LINGUISTICS},
    year = {1993},
    volume = {19},
    number = {2},
    pages = {313--330}
}
@incollection{tag,
  title={Tree-adjoining grammars},
  author={Joshi, Aravind K and Schabes, Yves},
  booktitle={Handbook of formal languages},
  pages={69--123},
  year={1997},
  publisher={Springer}
}

