
@article{actr,
	title = {A {Spreading} {Activation} {Theory} of {Memory}},
	urldate = {2015-02-28},
	journal = {Journal of Verbal Learning and Verbal Behavior},
	author = {Anderson, John},
	year = {1983}
}

@article{wm,
	title = {Working memory: looking back and looking forward},
	volume = {4},
	issn = {1471-003X, 1471-0048},
	shorttitle = {Working memory},
	url = {http://www.nature.com/doifinder/10.1038/nrn1201},
	doi = {10.1038/nrn1201},
	number = {10},
	urldate = {2014-09-20},
	journal = {Nature Reviews Neuroscience},
	author = {Baddeley, Alan},
	month = oct,
	year = {2003},
	keywords = {597E\_reviews},
	pages = {829--839}
}

@inproceedings{coupling,
	title = {Coupling {CCG} and hybrid logic dependency semantics},
	booktitle = {Proceedings of the 40th {Annual} {Meeting} on {Association} for {Computational} {Linguistics}},
	publisher = {Association for Computational Linguistics},
	author = {Baldridge, Jason and Kruijff, Geert-Jan M.},
	year = {2002},
	pages = {319--326}
}

@inproceedings{mmccg,
	title = {Multi-modal combinatory categorial grammar},
	booktitle = {Proceedings of the tenth conference on {European} chapter of the {Association} for {Computational} {Linguistics}-{Volume} 1},
	publisher = {Association for Computational Linguistics},
	author = {Baldridge, Jason and Kruijff, Geert-Jan M.},
	year = {2003},
	pages = {211--218}
}

@inproceedings{drs,
	title = {Towards {Generating} {Text} from {Discourse} {Representation} {Structures}},
	booktitle = {Proceedings of the 13th {European} {Workshop} on {Natural} {Language} {Generation} ({ENLG})},
	author = {Basile, Velerio and Bos, Johan},
	year = {2011}
}

@inproceedings{boxer,
	title = {Wide-coverage semantic representations from a {CCG} parser},
	booktitle = {Proceedings of the 20th international conference on {Computational} {Linguistics}},
	publisher = {Association for Computational Linguistics},
	author = {Bos, Johan and Clark, Stephen and Steedman, Mark and Curran, James R. and Hockenmaier, Julia},
	year = {2004}
	pages = {1240}
}

@inproceedings{boxer2,
	title = {Wide-coverage semantic analysis with {Boxer}},
	booktitle = {Proceedings of the 2008 {Conference} on {Semantics} in {Text} {Processing}},
	publisher = {Association for Computational Linguistics},
	author = {Bos, Johan},
	year = {2008},
	pages = {277--286}
}

@article{chinese,
	title = {It is there whether you hear it or not: {Syntactic} representation of missing arguments},
	volume = {136},
	issn = {00100277},
	shorttitle = {It is there whether you hear it or not},
	url = {http://linkinghub.elsevier.com/retrieve/pii/S0010027714002376},
	doi = {10.1016/j.cognition.2014.11.017},
	language = {en},
	urldate = {2014-12-19},
	journal = {Cognition},
	author = {Cai, Zhenguang G. and Pickering, Martin J. and Wang, Ruiming and Branigan, Holly P.},
	month = mar,
	year = {2015},
	pages = {255--267}
}

@article{prediction,
	title = {Probabilistic word pre-activation during language comprehension inferred from electrical brain activity},
	volume = {8},
	issn = {1097-6256},
	doi = {10.1038/nn1504},
	number = {8},
	journal = {Nature Neuroscience},
	author = {DeLong, Katherine A and Urbach, Thomas P and Kutas, Marta},
	month = aug,
	year = {2005},
	pages = {1117--1121}
}

@inproceedings{tag1,
	title = {A psycholinguistically motivated version of {TAG}},
	booktitle = {Proceedings of the 9th {International} {Workshop} on {Tree} {Adjoining} {Grammars} and {Related} {Formalisms}. {TÃ¼bingen}},
	author = {Demberg, Vera and Keller, Frank},
	year = {2008},
	pages = {25--32}
}



@article{incremental,
	title = {How {Incremental} {Is} {Language} {Production}? {Evidence} from the {Production} of {Utterances} {Requiring} the {Computation} of {Arithmetic} {Sums}},
	volume = {46},
	issn = {0749596X},
	doi = {10.1006/jmla.2001.2797},
	language = {en},
	number = {1},
	journal = {Journal of Memory and Language},
	author = {Ferreira, Fernanda and Swets, Benjamin},
	month = jan,
	year = {2002},
	pages = {57--84}
}


@article{radical,
	title = {Towards radically incremental parsing of natural language},
	journal = {Recent Advances in Natural Language Processing V: Selected Papers from Ranlp 2007},
	author = {Menzel, Wolfgang},
	year = {2009},
	pages = {41}
}

@article{unified,
	title = {Do people use language production to make predictions during comprehension?},
	volume = {11},
	language = {en},
	number = {3},
	journal = {Trends in Cognitive Sciences},
	author = {Pickering, Martin J. and Garrod, Simon},
	month = mar,
	year = {2007},
	keywords = {597E\_final, cmcl\_paper},
	pages = {105--110}
}

@article{integrated,
	title = {An integrated theory of language production and comprehension},
	volume = {36},
	language = {en},
	number = {04},
	journal = {Behavioral and Brain Sciences},
	author = {Pickering, Martin J. and Garrod, Simon},
	month = aug,
	year = {2013},
	keywords = {597E\_final, abstract, cmcl\_paper},
	pages = {329--347}
}

@inproceedings{priming,
	title = {Priming effects in combinatory categorial grammar},
	booktitle = {Proceedings of the 2006 conference on empirical methods in natural language processing},
	publisher = {Association for Computational Linguistics},
	author = {Reitter, David and Hockenmaier, Julia and Keller, Frank},
	year = {2006},
	pages = {308--316}
}

@article{model,
	title = {A {Computational} {Cognitive} {Model} of {Syntactic} {Priming}},
	volume = {35},
	language = {en},
	number = {4},
	journal = {Cognitive Science},
	author = {Reitter, David and Keller, Frank and Moore, Johanna D.},
	month = may,
	year = {2011},
	keywords = {abstract, cmcl\_paper},
	pages = {587--637}
}

@inproceedings{actup,
	title = {Accountable modeling in {ACT}-{UP}, a scalable, rapid-prototyping {ACT}-{R} implementation},
	booktitle = {Proceedings of the 10th international conference on cognitive modeling, {Philadelphia}, {PA}},
	publisher = {Citeseer},
	author = {Reitter, David and Lebiere, Christian},
	year = {2010}

}


@article{ccg,
	title = {Combinatory categorial grammar},
	journal = {Non-Transformational Syntax: Formal and Explicit Models of Grammar. Wiley-Blackwell},
	author = {Steedman, Mark and Baldridge, Jason},
	year = {2011}
}

@inproceedings{srilm,
	address = {Denver},
	title = {{SRILM}-an extensible language modeling toolkit.},
	volume = {2},
	booktitle = {Proceedings of the {International} {Conference} on {Spoken} {Language} {Processing}},
	author = {Stolcke, Andreas},
	year = {2002},
	pages = {901--904}
}
@article{convergence,
	title={The convergence of mildly context-sensitive grammar formalisms},
	author={Joshi, Aravind K and Shanker, K Vijay and Weir, David},
	year={1990}
}


@inproceedings{comprehension,
	title = {Modeling sentence processing in {ACT}-{R}},
	url = {http://dl.acm.org/citation.cfm?id=1613161},
	urldate = {2015-03-03},
	booktitle = {Proceedings of the {Workshop} on {Incremental} {Parsing}: {Bringing} {Engineering} and {Cognition} {Together}},
	publisher = {Association for Computational Linguistics},
	author = {Vasishth, Shravan and Lewis, Richard L.},
	year = {2004},
	keywords = {cmcl\_paper},
	pages = {82--87},
	file = {W04-0313.pdf:/home/jrc436/.mozilla/firefox/31rmvr1o.default/zotero/storage/HF8I2JEA/W04-0313.pdf:application/pdf}
}
