
@inproceedings{big-comprehension,
	title = {Toward a large-scale model of language comprehension in {ACT}-{R} 6},
	booktitle = {Proceedings of the 8th international conference on cognitive modeling},
	publisher = {Citeseer},
	author = {Ball, Jerry and Heiberg, Andrea and Silber, Ronnie},
	year = {2007},
	pages = {173--179},
	file 
}

@inproceedings{references,
	title = {Generating referring expressions with a cognitive model},
	booktitle = {Proceedings of the {Workshop} {Production} of {Referring} {Expressions}: {Bridging} the {Gap} between {Computational} and {Empirical} {Approaches} to {Reference}, {Amsterdam}, {The} {Netherlands}},
	author = {Guhe, Markus},
	year = {2009}
}

@article{comp-model,
	title = {An activation-based model of sentence processing as skilled memory retrieval},
	volume = {29},
	number = {3},
	journal = {Cognitive science},
	author = {Lewis, Richard L. and Vasishth, Shravan},
	year = {2005},
	pages = {375--419}
}

@inproceedings{anaphoric,
	title = {On-line reference assignment for anaphoric and non-anaphoric nouns: {A} unified, memory-based model in {ACT}-{R}},
	shorttitle = {On-line reference assignment for anaphoric and non-anaphoric nouns},
	booktitle = {proceedings of the 29th {Annual} {Conference} of the {Cognitive} {Science} {Society}},
	author = {Pyke, Aryn and West, Robert L. and LeFevre, Jo-Anne},
	year = {2007}
}

@inproceedings{decision,
	title = {Modeling {Lexical} {Decision} as {Ordinary} {Retrieval}},
	author = {Rijn, Hedderik and Anderson, John R},
	year = {2003},
	pages = {207--212}
}

@article{ungrammatical,
	title = {Processing {Polarity}: {How} the {Ungrammatical} {Intrudes} on the {Grammatical}},
	volume = {32},
	issn = {0364-0213},
	shorttitle = {Processing {Polarity}},
	language = {en},
	number = {4},
	journal = {Cognitive Science: A Multidisciplinary Journal},
	author = {Vasishth, Shravan and Brussow, Sven and Lewis, Richard and Drenhaus, Heiner},
	month = jun,
	year = {2008},
	pages = {685--712}
}